@book{2,
	title = {Representations and Characters of Groups},
	author = {Gordon James and Martin Liebeck},
	year = {2001},
	publisher = {Cambridge University Press},
	isbn={052100392X},
}

@book{1,
	title = {Represesenation Theory of Finite Groups},
	author = {Benjamin Steinberg},
	year = {2012},
	publisher = {Springer},
	isbn={9781461407751},
}

@misc{3,
	title = {Part II Represesenation Theory Notes},
	author = {Dexter Chua},
  	howpublished = "\url{https://dec41.user.srcf.net/notes/II_L/representation_theory.pdf}",
	note = "(Cambridge University Class, 2015)"
}

@book{4,
	title = {Abstract Algebra},
	author = {Pierre Antoine Grillet},
	year = {2007},
	publisher = {Springer},
	isbn={139780387715674},
}

@book{5,
	title = {Group Representations and Character Theory},
	author = {David Kang},
	year = {2011},
	publisher = {University of Chicago Class},
}

@book{6,
	title = {Linear Representations of Finite Groups},
	author = {Jean Serre},
	year = {1977},
	publisher = {Springer},
	isbn = {0387901906}
}

@misc{7,
	title = {A Brief Introduction to Group Representations and Character Theory},
	author = {Mark Meckes},
	year = {2018},
  	howpublished = "\url{https://case.edu/artsci/math/mwmeckes/rep-theory.pdf}",
	note = "[Case Western Reserve University Class]"
}

@book{8,
	title = {Character Theory of Finite Groups},
	author = {Irving Martin Isaacs},
	year = {1976},
	publisher = {Dover},
	isbn = {9780486680149}
}

@book{9,
	title = {Pioneers of Representation Theory: Frobenius, Burnside, Schur, and Brauer},
	author = {Charles Curtis},
	year = {1999},
	publisher = {American Mathematical Society},
	isbn = {0821890026}
}

@book{10,
	title = {The Genesis of the Abstract Group Concept},
	author = {Hans Wussing},
	year = {2007},
	publisher = {Dover},
	isbn = {0486458687}
}

@book{11,
	title = {Groups, Representations and Physics},
	author = {H F Jones},
	year = {1998},
	publisher = {Institute of Physics},
	isbn = {0750305045}
}
@book{12,
	title = {An Introduction to Tensors and Group Theory for Physicists},
	author = {Nadir Jeevanjee},
	year = {2015},
	publisher = {Springer},
	isbn = {9783319147932}
}
@book{13,
	title = {Elementary Number Theory, Group Theory, and Ramanujan Graphs},
	author = {Guiliana Davidoff and Peter Sarnak, and Alain Valette },
	year = {2003},
	publisher = {Cambridge University Press},
	isbn = {9780521531436}
}
@book{14,
	title = {The Classification of Finite Simple Groups I. Simple Groups and Local Analysis},
	author = {Daniel Gorenstein},
	year = {1979},
	publisher = {American Mathematical Society Bulletin},
}

@book{15,
	title = {Recent Developments in Lie Algebras, Groups and Representation Theory},
	author = {Kailash C Misra and Daniel K Nakano and Brian J. Parshall},
	year = {2012},
	publisher = {American Mathematical Society},
	isbn = {2012026116},
}

@book{16,
	title = {Representation Theory: A First Course},
	author = {William Fulton and Joe Harris},
	year = {1991},
	publisher = {Springer},
	isbn = {9780387974958},
}
